%YAML 1.1
%TAG !u! tag:unity3d.com,2011:
--- !u!1 &409560619804822293
GameObject:
  m_ObjectHideFlags: 0
  m_CorrespondingSourceObject: {fileID: 0}
  m_PrefabInstance: {fileID: 0}
  m_PrefabAsset: {fileID: 0}
  serializedVersion: 6
  m_Component:
  - component: {fileID: 5477185797217406272}
  - component: {fileID: 2761387879413146637}
  - component: {fileID: 5026782356468037898}
  - component: {fileID: 7916317638922543133}
  - component: {fileID: 2707501947115364712}
  - component: {fileID: 5545132033559081515}
  m_Layer: 0
  m_Name: WallS
  m_TagString: wall
  m_Icon: {fileID: 0}
  m_NavMeshLayer: 0
  m_StaticEditorFlags: 0
  m_IsActive: 1
--- !u!4 &5477185797217406272
Transform:
  m_ObjectHideFlags: 0
  m_CorrespondingSourceObject: {fileID: 0}
  m_PrefabInstance: {fileID: 0}
  m_PrefabAsset: {fileID: 0}
  m_GameObject: {fileID: 409560619804822293}
  m_LocalRotation: {x: -0, y: -0, z: -0, w: 1}
  m_LocalPosition: {x: 48.31723, y: -2.8, z: -0.76151866}
  m_LocalScale: {x: 1, y: 3, z: 100.000046}
  m_Children: []
  m_Father: {fileID: 5592904454380787277}
  m_RootOrder: 2
  m_LocalEulerAnglesHint: {x: 0, y: 0, z: 0}
--- !u!33 &2761387879413146637
MeshFilter:
  m_ObjectHideFlags: 0
  m_CorrespondingSourceObject: {fileID: 0}
  m_PrefabInstance: {fileID: 0}
  m_PrefabAsset: {fileID: 0}
  m_GameObject: {fileID: 409560619804822293}
  m_Mesh: {fileID: 10202, guid: 0000000000000000e000000000000000, type: 0}
--- !u!23 &5026782356468037898
MeshRenderer:
  m_ObjectHideFlags: 0
  m_CorrespondingSourceObject: {fileID: 0}
  m_PrefabInstance: {fileID: 0}
  m_PrefabAsset: {fileID: 0}
  m_GameObject: {fileID: 409560619804822293}
  m_Enabled: 1
  m_CastShadows: 1
  m_ReceiveShadows: 1
  m_DynamicOccludee: 1
  m_MotionVectors: 1
  m_LightProbeUsage: 1
  m_ReflectionProbeUsage: 1
  m_RayTracingMode: 2
  m_RayTraceProcedural: 0
  m_RenderingLayerMask: 1
  m_RendererPriority: 0
  m_Materials:
  - {fileID: 2100000, guid: 1e1c6a0a64beb49ec96272beefa468a5, type: 2}
  m_StaticBatchInfo:
    firstSubMesh: 0
    subMeshCount: 0
  m_StaticBatchRoot: {fileID: 0}
  m_ProbeAnchor: {fileID: 0}
  m_LightProbeVolumeOverride: {fileID: 0}
  m_ScaleInLightmap: 1
  m_ReceiveGI: 1
  m_PreserveUVs: 0
  m_IgnoreNormalsForChartDetection: 0
  m_ImportantGI: 0
  m_StitchLightmapSeams: 1
  m_SelectedEditorRenderState: 3
  m_MinimumChartSize: 4
  m_AutoUVMaxDistance: 0.5
  m_AutoUVMaxAngle: 89
  m_LightmapParameters: {fileID: 0}
  m_SortingLayerID: 0
  m_SortingLayer: 0
  m_SortingOrder: 0
  m_AdditionalVertexStreams: {fileID: 0}
--- !u!65 &7916317638922543133
BoxCollider:
  m_ObjectHideFlags: 0
  m_CorrespondingSourceObject: {fileID: 0}
  m_PrefabInstance: {fileID: 0}
  m_PrefabAsset: {fileID: 0}
  m_GameObject: {fileID: 409560619804822293}
  m_Material: {fileID: 0}
  m_IsTrigger: 0
  m_Enabled: 1
  serializedVersion: 2
  m_Size: {x: 1, y: 1, z: 1}
  m_Center: {x: 0, y: 0, z: 0}
--- !u!64 &2707501947115364712
MeshCollider:
  m_ObjectHideFlags: 0
  m_CorrespondingSourceObject: {fileID: 0}
  m_PrefabInstance: {fileID: 0}
  m_PrefabAsset: {fileID: 0}
  m_GameObject: {fileID: 409560619804822293}
  m_Material: {fileID: 0}
  m_IsTrigger: 0
  m_Enabled: 1
  serializedVersion: 4
  m_Convex: 1
  m_CookingOptions: 30
  m_Mesh: {fileID: 10202, guid: 0000000000000000e000000000000000, type: 0}
--- !u!54 &5545132033559081515
Rigidbody:
  m_ObjectHideFlags: 0
  m_CorrespondingSourceObject: {fileID: 0}
  m_PrefabInstance: {fileID: 0}
  m_PrefabAsset: {fileID: 0}
  m_GameObject: {fileID: 409560619804822293}
  serializedVersion: 2
  m_Mass: 1
  m_Drag: 0
  m_AngularDrag: 0.05
  m_UseGravity: 1
  m_IsKinematic: 1
  m_Interpolate: 0
  m_Constraints: 0
  m_CollisionDetection: 0
--- !u!1 &1170278052684033189
GameObject:
  m_ObjectHideFlags: 0
  m_CorrespondingSourceObject: {fileID: 0}
  m_PrefabInstance: {fileID: 0}
  m_PrefabAsset: {fileID: 0}
  serializedVersion: 6
  m_Component:
  - component: {fileID: 5592904454380787277}
  m_Layer: 0
  m_Name: Walls
  m_TagString: Untagged
  m_Icon: {fileID: 0}
  m_NavMeshLayer: 0
  m_StaticEditorFlags: 0
  m_IsActive: 1
--- !u!4 &5592904454380787277
Transform:
  m_ObjectHideFlags: 0
  m_CorrespondingSourceObject: {fileID: 0}
  m_PrefabInstance: {fileID: 0}
  m_PrefabAsset: {fileID: 0}
  m_GameObject: {fileID: 1170278052684033189}
  m_LocalRotation: {x: -0, y: -0, z: -0, w: 1}
  m_LocalPosition: {x: 1.7227726, y: 4.02229, z: 1.0615187}
  m_LocalScale: {x: 1, y: 1, z: 1}
  m_Children:
  - {fileID: 7436418205859210538}
  - {fileID: 1315180593055593072}
  - {fileID: 5477185797217406272}
  - {fileID: 2022015591393379561}
  m_Father: {fileID: 8709218817440575421}
  m_RootOrder: 4
  m_LocalEulerAnglesHint: {x: 0, y: 0, z: 0}
--- !u!1 &1515859042107459214
GameObject:
  m_ObjectHideFlags: 0
  m_CorrespondingSourceObject: {fileID: 0}
  m_PrefabInstance: {fileID: 0}
  m_PrefabAsset: {fileID: 0}
  serializedVersion: 6
  m_Component:
  - component: {fileID: 9098188487678730896}
  - component: {fileID: 4442509082797266529}
  - component: {fileID: 232291832378611121}
  m_Layer: 0
  m_Name: Camera
  m_TagString: Untagged
  m_Icon: {fileID: 0}
  m_NavMeshLayer: 0
  m_StaticEditorFlags: 0
  m_IsActive: 1
--- !u!4 &9098188487678730896
Transform:
  m_ObjectHideFlags: 0
  m_CorrespondingSourceObject: {fileID: 0}
  m_PrefabInstance: {fileID: 0}
  m_PrefabAsset: {fileID: 0}
  m_GameObject: {fileID: 1515859042107459214}
  m_LocalRotation: {x: 0.11264605, y: -0.886932, z: 0.30171043, w: 0.33110923}
  m_LocalPosition: {x: 15.938728, y: 9.503723, z: 20.72359}
  m_LocalScale: {x: 1, y: 1, z: 1}
  m_Children: []
  m_Father: {fileID: 8709218817440575421}
  m_RootOrder: 1
  m_LocalEulerAnglesHint: {x: 0, y: 0, z: 0}
--- !u!20 &4442509082797266529
Camera:
  m_ObjectHideFlags: 0
  m_CorrespondingSourceObject: {fileID: 0}
  m_PrefabInstance: {fileID: 0}
  m_PrefabAsset: {fileID: 0}
  m_GameObject: {fileID: 1515859042107459214}
  m_Enabled: 1
  serializedVersion: 2
  m_ClearFlags: 1
  m_BackGroundColor: {r: 0.19215687, g: 0.3019608, b: 0.4745098, a: 0}
  m_projectionMatrixMode: 1
  m_GateFitMode: 2
  m_FOVAxisMode: 0
  m_SensorSize: {x: 36, y: 24}
  m_LensShift: {x: 0, y: 0}
  m_FocalLength: 50
  m_NormalizedViewPortRect:
    serializedVersion: 2
    x: 0
    y: 0
    width: 1
    height: 1
  near clip plane: 0.3
  far clip plane: 1000
  field of view: 60
  orthographic: 0
  orthographic size: 5
  m_Depth: 0
  m_CullingMask:
    serializedVersion: 2
    m_Bits: 1
  m_RenderingPath: -1
  m_TargetTexture: {fileID: 0}
  m_TargetDisplay: 1
  m_TargetEye: 3
  m_HDR: 1
  m_AllowMSAA: 1
  m_AllowDynamicResolution: 0
  m_ForceIntoRT: 0
  m_OcclusionCulling: 1
  m_StereoConvergence: 10
  m_StereoSeparation: 0.022
--- !u!81 &232291832378611121
AudioListener:
  m_ObjectHideFlags: 0
  m_CorrespondingSourceObject: {fileID: 0}
  m_PrefabInstance: {fileID: 0}
  m_PrefabAsset: {fileID: 0}
  m_GameObject: {fileID: 1515859042107459214}
  m_Enabled: 0
--- !u!1 &2076649418745533303
GameObject:
  m_ObjectHideFlags: 0
  m_CorrespondingSourceObject: {fileID: 0}
  m_PrefabInstance: {fileID: 0}
  m_PrefabAsset: {fileID: 0}
  serializedVersion: 6
  m_Component:
  - component: {fileID: 4368964284996793027}
  m_Layer: 0
  m_Name: Rocks
  m_TagString: Untagged
  m_Icon: {fileID: 0}
  m_NavMeshLayer: 0
  m_StaticEditorFlags: 0
  m_IsActive: 1
--- !u!4 &4368964284996793027
Transform:
  m_ObjectHideFlags: 0
  m_CorrespondingSourceObject: {fileID: 0}
  m_PrefabInstance: {fileID: 0}
  m_PrefabAsset: {fileID: 0}
  m_GameObject: {fileID: 2076649418745533303}
  m_LocalRotation: {x: -0, y: -0, z: -0, w: 1}
  m_LocalPosition: {x: 0, y: 0, z: 0}
  m_LocalScale: {x: 1, y: 1, z: 1}
  m_Children:
  - {fileID: 6169365124283336459}
  - {fileID: 2806464212380749193}
  - {fileID: 5695839152678782181}
  - {fileID: 2551883125146922653}
  m_Father: {fileID: 8709218817440575421}
  m_RootOrder: 6
  m_LocalEulerAnglesHint: {x: 0, y: 0, z: 0}
--- !u!1 &3385818780390751326
GameObject:
  m_ObjectHideFlags: 0
  m_CorrespondingSourceObject: {fileID: 0}
  m_PrefabInstance: {fileID: 0}
  m_PrefabAsset: {fileID: 0}
  serializedVersion: 6
  m_Component:
  - component: {fileID: 1315180593055593072}
  - component: {fileID: 34252535047443446}
  - component: {fileID: 1246193206900636001}
  - component: {fileID: 9221906510762546210}
  - component: {fileID: 2211651391431533035}
  - component: {fileID: 6940513100483712924}
  m_Layer: 0
  m_Name: WallW
  m_TagString: wall
  m_Icon: {fileID: 0}
  m_NavMeshLayer: 0
  m_StaticEditorFlags: 0
  m_IsActive: 1
--- !u!4 &1315180593055593072
Transform:
  m_ObjectHideFlags: 0
  m_CorrespondingSourceObject: {fileID: 0}
  m_PrefabInstance: {fileID: 0}
  m_PrefabAsset: {fileID: 0}
  m_GameObject: {fileID: 3385818780390751326}
  m_LocalRotation: {x: 0, y: 0.7071068, z: 0, w: 0.7071068}
  m_LocalPosition: {x: -1.53, y: -2.8, z: -50.82}
  m_LocalScale: {x: 1, y: 3, z: 100}
  m_Children: []
  m_Father: {fileID: 5592904454380787277}
  m_RootOrder: 1
  m_LocalEulerAnglesHint: {x: 0, y: 90, z: 0}
--- !u!33 &34252535047443446
MeshFilter:
  m_ObjectHideFlags: 0
  m_CorrespondingSourceObject: {fileID: 0}
  m_PrefabInstance: {fileID: 0}
  m_PrefabAsset: {fileID: 0}
  m_GameObject: {fileID: 3385818780390751326}
  m_Mesh: {fileID: 10202, guid: 0000000000000000e000000000000000, type: 0}
--- !u!23 &1246193206900636001
MeshRenderer:
  m_ObjectHideFlags: 0
  m_CorrespondingSourceObject: {fileID: 0}
  m_PrefabInstance: {fileID: 0}
  m_PrefabAsset: {fileID: 0}
  m_GameObject: {fileID: 3385818780390751326}
  m_Enabled: 1
  m_CastShadows: 1
  m_ReceiveShadows: 1
  m_DynamicOccludee: 1
  m_MotionVectors: 1
  m_LightProbeUsage: 1
  m_ReflectionProbeUsage: 1
  m_RayTracingMode: 2
  m_RayTraceProcedural: 0
  m_RenderingLayerMask: 1
  m_RendererPriority: 0
  m_Materials:
  - {fileID: 2100000, guid: 1e1c6a0a64beb49ec96272beefa468a5, type: 2}
  m_StaticBatchInfo:
    firstSubMesh: 0
    subMeshCount: 0
  m_StaticBatchRoot: {fileID: 0}
  m_ProbeAnchor: {fileID: 0}
  m_LightProbeVolumeOverride: {fileID: 0}
  m_ScaleInLightmap: 1
  m_ReceiveGI: 1
  m_PreserveUVs: 0
  m_IgnoreNormalsForChartDetection: 0
  m_ImportantGI: 0
  m_StitchLightmapSeams: 1
  m_SelectedEditorRenderState: 3
  m_MinimumChartSize: 4
  m_AutoUVMaxDistance: 0.5
  m_AutoUVMaxAngle: 89
  m_LightmapParameters: {fileID: 0}
  m_SortingLayerID: 0
  m_SortingLayer: 0
  m_SortingOrder: 0
  m_AdditionalVertexStreams: {fileID: 0}
--- !u!65 &9221906510762546210
BoxCollider:
  m_ObjectHideFlags: 0
  m_CorrespondingSourceObject: {fileID: 0}
  m_PrefabInstance: {fileID: 0}
  m_PrefabAsset: {fileID: 0}
  m_GameObject: {fileID: 3385818780390751326}
  m_Material: {fileID: 0}
  m_IsTrigger: 0
  m_Enabled: 1
  serializedVersion: 2
  m_Size: {x: 1, y: 1, z: 1}
  m_Center: {x: 0, y: 0, z: 0}
--- !u!64 &2211651391431533035
MeshCollider:
  m_ObjectHideFlags: 0
  m_CorrespondingSourceObject: {fileID: 0}
  m_PrefabInstance: {fileID: 0}
  m_PrefabAsset: {fileID: 0}
  m_GameObject: {fileID: 3385818780390751326}
  m_Material: {fileID: 0}
  m_IsTrigger: 0
  m_Enabled: 1
  serializedVersion: 4
  m_Convex: 1
  m_CookingOptions: 30
  m_Mesh: {fileID: 10202, guid: 0000000000000000e000000000000000, type: 0}
--- !u!54 &6940513100483712924
Rigidbody:
  m_ObjectHideFlags: 0
  m_CorrespondingSourceObject: {fileID: 0}
  m_PrefabInstance: {fileID: 0}
  m_PrefabAsset: {fileID: 0}
  m_GameObject: {fileID: 3385818780390751326}
  serializedVersion: 2
  m_Mass: 1
  m_Drag: 0
  m_AngularDrag: 0.05
  m_UseGravity: 1
  m_IsKinematic: 1
  m_Interpolate: 0
  m_Constraints: 0
  m_CollisionDetection: 0
--- !u!1 &3446040156542833111
GameObject:
  m_ObjectHideFlags: 0
  m_CorrespondingSourceObject: {fileID: 0}
  m_PrefabInstance: {fileID: 0}
  m_PrefabAsset: {fileID: 0}
  serializedVersion: 6
  m_Component:
  - component: {fileID: 3535443972376241045}
  - component: {fileID: 4712208921166282122}
  - component: {fileID: 6875001806629615888}
  - component: {fileID: 7082686701398655293}
  - component: {fileID: 1908969098897372920}
  - component: {fileID: 3799699046272281825}
  m_Layer: 0
  m_Name: Ground
  m_TagString: Untagged
  m_Icon: {fileID: 0}
  m_NavMeshLayer: 0
  m_StaticEditorFlags: 8
  m_IsActive: 1
--- !u!4 &3535443972376241045
Transform:
  m_ObjectHideFlags: 0
  m_CorrespondingSourceObject: {fileID: 0}
  m_PrefabInstance: {fileID: 0}
  m_PrefabAsset: {fileID: 0}
  m_GameObject: {fileID: 3446040156542833111}
  m_LocalRotation: {x: -0, y: -0, z: -0, w: 1}
  m_LocalPosition: {x: 0, y: 0, z: 0}
  m_LocalScale: {x: 100, y: 1, z: 100}
  m_Children: []
  m_Father: {fileID: 8709218817440575421}
  m_RootOrder: 0
  m_LocalEulerAnglesHint: {x: 0, y: 0, z: 0}
--- !u!33 &4712208921166282122
MeshFilter:
  m_ObjectHideFlags: 0
  m_CorrespondingSourceObject: {fileID: 0}
  m_PrefabInstance: {fileID: 0}
  m_PrefabAsset: {fileID: 0}
  m_GameObject: {fileID: 3446040156542833111}
  m_Mesh: {fileID: 10202, guid: 0000000000000000e000000000000000, type: 0}
--- !u!23 &6875001806629615888
MeshRenderer:
  m_ObjectHideFlags: 0
  m_CorrespondingSourceObject: {fileID: 0}
  m_PrefabInstance: {fileID: 0}
  m_PrefabAsset: {fileID: 0}
  m_GameObject: {fileID: 3446040156542833111}
  m_Enabled: 1
  m_CastShadows: 0
  m_ReceiveShadows: 1
  m_DynamicOccludee: 1
  m_MotionVectors: 1
  m_LightProbeUsage: 1
  m_ReflectionProbeUsage: 1
  m_RayTracingMode: 2
  m_RayTraceProcedural: 0
  m_RenderingLayerMask: 1
  m_RendererPriority: 0
  m_Materials:
  - {fileID: 2100000, guid: ae29ac02d08992344b9095971167e1c6, type: 2}
  m_StaticBatchInfo:
    firstSubMesh: 0
    subMeshCount: 0
  m_StaticBatchRoot: {fileID: 0}
  m_ProbeAnchor: {fileID: 0}
  m_LightProbeVolumeOverride: {fileID: 0}
  m_ScaleInLightmap: 1
  m_ReceiveGI: 1
  m_PreserveUVs: 0
  m_IgnoreNormalsForChartDetection: 0
  m_ImportantGI: 0
  m_StitchLightmapSeams: 1
  m_SelectedEditorRenderState: 3
  m_MinimumChartSize: 4
  m_AutoUVMaxDistance: 0.5
  m_AutoUVMaxAngle: 89
  m_LightmapParameters: {fileID: 0}
  m_SortingLayerID: 0
  m_SortingLayer: 0
  m_SortingOrder: 0
  m_AdditionalVertexStreams: {fileID: 0}
--- !u!65 &7082686701398655293
BoxCollider:
  m_ObjectHideFlags: 0
  m_CorrespondingSourceObject: {fileID: 0}
  m_PrefabInstance: {fileID: 0}
  m_PrefabAsset: {fileID: 0}
  m_GameObject: {fileID: 3446040156542833111}
  m_Material: {fileID: 0}
  m_IsTrigger: 0
  m_Enabled: 1
  serializedVersion: 2
  m_Size: {x: 1, y: 1, z: 1}
  m_Center: {x: 0, y: 0, z: 0}
--- !u!54 &1908969098897372920
Rigidbody:
  m_ObjectHideFlags: 0
  m_CorrespondingSourceObject: {fileID: 0}
  m_PrefabInstance: {fileID: 0}
  m_PrefabAsset: {fileID: 0}
  m_GameObject: {fileID: 3446040156542833111}
  serializedVersion: 2
  m_Mass: 1
  m_Drag: 0
  m_AngularDrag: 0.05
  m_UseGravity: 0
  m_IsKinematic: 1
  m_Interpolate: 0
  m_Constraints: 0
  m_CollisionDetection: 0
--- !u!64 &3799699046272281825
MeshCollider:
  m_ObjectHideFlags: 0
  m_CorrespondingSourceObject: {fileID: 0}
  m_PrefabInstance: {fileID: 0}
  m_PrefabAsset: {fileID: 0}
  m_GameObject: {fileID: 3446040156542833111}
  m_Material: {fileID: 0}
  m_IsTrigger: 0
  m_Enabled: 1
  serializedVersion: 4
  m_Convex: 1
  m_CookingOptions: 30
  m_Mesh: {fileID: 10202, guid: 0000000000000000e000000000000000, type: 0}
--- !u!1 &4844740656784689416
GameObject:
  m_ObjectHideFlags: 0
  m_CorrespondingSourceObject: {fileID: 0}
  m_PrefabInstance: {fileID: 0}
  m_PrefabAsset: {fileID: 0}
  serializedVersion: 6
  m_Component:
  - component: {fileID: 3690557270043082774}
  - component: {fileID: 5028306225748933897}
  m_Layer: 0
  m_Name: FoodSpawnerObject
  m_TagString: Untagged
  m_Icon: {fileID: 0}
  m_NavMeshLayer: 0
  m_StaticEditorFlags: 0
  m_IsActive: 1
--- !u!4 &3690557270043082774
Transform:
  m_ObjectHideFlags: 0
  m_CorrespondingSourceObject: {fileID: 0}
  m_PrefabInstance: {fileID: 0}
  m_PrefabAsset: {fileID: 0}
  m_GameObject: {fileID: 4844740656784689416}
  m_LocalRotation: {x: -0, y: -0, z: -0, w: 1}
  m_LocalPosition: {x: 0, y: 2, z: 0}
  m_LocalScale: {x: 1, y: 1, z: 1}
  m_Children: []
  m_Father: {fileID: 8709218817440575421}
  m_RootOrder: 2
  m_LocalEulerAnglesHint: {x: 0, y: 0, z: 0}
--- !u!114 &5028306225748933897
MonoBehaviour:
  m_ObjectHideFlags: 0
  m_CorrespondingSourceObject: {fileID: 0}
  m_PrefabInstance: {fileID: 0}
  m_PrefabAsset: {fileID: 0}
  m_GameObject: {fileID: 4844740656784689416}
  m_Enabled: 1
  m_EditorHideFlags: 0
  m_Script: {fileID: 11500000, guid: ddd7eeecb9b6b17839f09ddeecd79600, type: 3}
  m_Name: 
  m_EditorClassIdentifier: 
  food1:
    nrOnInit: 10
    energyGain: 1
    canEatIt:
    - prey
    spawnFrequency: 1
    prefab: {fileID: 822480114776911865, guid: 3f4f08888e6fe93a19730fc7a721ec04, type: 3}
    eatingActionNeeded: 0
  food2:
    nrOnInit: 0
    energyGain: 0
    canEatIt: []
    spawnFrequency: 0
    prefab: {fileID: 0}
    eatingActionNeeded: 0
  envRadius: 30
  staticNrOfFood: 1
  foodTypeList: []
  foodList: []
--- !u!1 &6285277074094557345
GameObject:
  m_ObjectHideFlags: 0
  m_CorrespondingSourceObject: {fileID: 0}
  m_PrefabInstance: {fileID: 0}
  m_PrefabAsset: {fileID: 0}
  serializedVersion: 6
  m_Component:
  - component: {fileID: 8709218817440575421}
  - component: {fileID: 3268502083814492429}
  m_Layer: 0
  m_Name: DecoratedFlatEnvironment
  m_TagString: Untagged
  m_Icon: {fileID: 0}
  m_NavMeshLayer: 0
  m_StaticEditorFlags: 0
  m_IsActive: 1
--- !u!4 &8709218817440575421
Transform:
  m_ObjectHideFlags: 0
  m_CorrespondingSourceObject: {fileID: 0}
  m_PrefabInstance: {fileID: 0}
  m_PrefabAsset: {fileID: 0}
  m_GameObject: {fileID: 6285277074094557345}
  m_LocalRotation: {x: 0, y: 0, z: 0, w: 1}
  m_LocalPosition: {x: 0, y: 0, z: 0}
  m_LocalScale: {x: 1, y: 1, z: 1}
  m_Children:
  - {fileID: 3535443972376241045}
  - {fileID: 9098188487678730896}
  - {fileID: 3690557270043082774}
  - {fileID: 3755547846039345734}
  - {fileID: 5592904454380787277}
  - {fileID: 2543748835766039398}
  - {fileID: 4368964284996793027}
  - {fileID: 3196932711976277685}
  - {fileID: 8943602452729289418}
  m_Father: {fileID: 0}
  m_RootOrder: 0
  m_LocalEulerAnglesHint: {x: 0, y: 0, z: 0}
--- !u!114 &3268502083814492429
MonoBehaviour:
  m_ObjectHideFlags: 0
  m_CorrespondingSourceObject: {fileID: 0}
  m_PrefabInstance: {fileID: 0}
  m_PrefabAsset: {fileID: 0}
  m_GameObject: {fileID: 6285277074094557345}
  m_Enabled: 1
  m_EditorHideFlags: 0
  m_Script: {fileID: 11500000, guid: 126d844fab4dde69c899c63744f71364, type: 3}
  m_Name: 
  m_EditorClassIdentifier: 
  Species:
  - nrOnInit: 8
    specieName: deer
    moveForce: 5
    rotationForce: 200
    metabolism: 0.01
    homeostaticNames:
    - energy
    - water
    parentNames:
    - 0
    - 0
    trainingModel: PPO
    eatables:
    - goodfood
    drinkables:
    - water
    predators:
    - predator
    prefab: {fileID: 5113777529763991044, guid: 73f90d1e2dd6a5c26bc4f76eb42f4ca6, type: 3}
  - nrOnInit: 5
    specieName: wolf
    moveForce: 5
    rotationForce: 200
    metabolism: 0.01
    homeostaticNames:
    - energy
    - water
    parentNames:
    - 0
    - 0
    trainingModel: PPO
    eatables:
    - prey
    drinkables:
    - water
    predators: []
    prefab: {fileID: 635604251476959843, guid: 17d8723669a41bf4086b071139d13265, type: 3}
  smellables:
  - goodFood
  - water
  - predator
  - prey
  reproduction: 0
  envRadius: 30
--- !u!1 &6602606341090457845
GameObject:
  m_ObjectHideFlags: 0
  m_CorrespondingSourceObject: {fileID: 0}
  m_PrefabInstance: {fileID: 0}
  m_PrefabAsset: {fileID: 0}
  serializedVersion: 6
  m_Component:
  - component: {fileID: 2022015591393379561}
  - component: {fileID: 430561777753885225}
  - component: {fileID: 8156280945766634073}
  - component: {fileID: 7842303973291658956}
  - component: {fileID: 7676253184338850590}
  - component: {fileID: 5610187252651051480}
  m_Layer: 0
  m_Name: WallE
  m_TagString: wall
  m_Icon: {fileID: 0}
  m_NavMeshLayer: 0
  m_StaticEditorFlags: 0
  m_IsActive: 1
--- !u!4 &2022015591393379561
Transform:
  m_ObjectHideFlags: 0
  m_CorrespondingSourceObject: {fileID: 0}
  m_PrefabInstance: {fileID: 0}
  m_PrefabAsset: {fileID: 0}
  m_GameObject: {fileID: 6602606341090457845}
  m_LocalRotation: {x: -0, y: 0.7071068, z: -0, w: 0.7071068}
  m_LocalPosition: {x: -1.53, y: -2.8, z: 48.64848}
  m_LocalScale: {x: 1, y: 3, z: 100.00005}
  m_Children: []
  m_Father: {fileID: 5592904454380787277}
  m_RootOrder: 3
  m_LocalEulerAnglesHint: {x: 0, y: 90, z: 0}
--- !u!33 &430561777753885225
MeshFilter:
  m_ObjectHideFlags: 0
  m_CorrespondingSourceObject: {fileID: 0}
  m_PrefabInstance: {fileID: 0}
  m_PrefabAsset: {fileID: 0}
  m_GameObject: {fileID: 6602606341090457845}
  m_Mesh: {fileID: 10202, guid: 0000000000000000e000000000000000, type: 0}
--- !u!23 &8156280945766634073
MeshRenderer:
  m_ObjectHideFlags: 0
  m_CorrespondingSourceObject: {fileID: 0}
  m_PrefabInstance: {fileID: 0}
  m_PrefabAsset: {fileID: 0}
  m_GameObject: {fileID: 6602606341090457845}
  m_Enabled: 1
  m_CastShadows: 1
  m_ReceiveShadows: 1
  m_DynamicOccludee: 1
  m_MotionVectors: 1
  m_LightProbeUsage: 1
  m_ReflectionProbeUsage: 1
  m_RayTracingMode: 2
  m_RayTraceProcedural: 0
  m_RenderingLayerMask: 1
  m_RendererPriority: 0
  m_Materials:
  - {fileID: 2100000, guid: 1e1c6a0a64beb49ec96272beefa468a5, type: 2}
  m_StaticBatchInfo:
    firstSubMesh: 0
    subMeshCount: 0
  m_StaticBatchRoot: {fileID: 0}
  m_ProbeAnchor: {fileID: 0}
  m_LightProbeVolumeOverride: {fileID: 0}
  m_ScaleInLightmap: 1
  m_ReceiveGI: 1
  m_PreserveUVs: 0
  m_IgnoreNormalsForChartDetection: 0
  m_ImportantGI: 0
  m_StitchLightmapSeams: 1
  m_SelectedEditorRenderState: 3
  m_MinimumChartSize: 4
  m_AutoUVMaxDistance: 0.5
  m_AutoUVMaxAngle: 89
  m_LightmapParameters: {fileID: 0}
  m_SortingLayerID: 0
  m_SortingLayer: 0
  m_SortingOrder: 0
  m_AdditionalVertexStreams: {fileID: 0}
--- !u!65 &7842303973291658956
BoxCollider:
  m_ObjectHideFlags: 0
  m_CorrespondingSourceObject: {fileID: 0}
  m_PrefabInstance: {fileID: 0}
  m_PrefabAsset: {fileID: 0}
  m_GameObject: {fileID: 6602606341090457845}
  m_Material: {fileID: 0}
  m_IsTrigger: 0
  m_Enabled: 1
  serializedVersion: 2
  m_Size: {x: 1, y: 1, z: 1}
  m_Center: {x: 0, y: 0, z: 0}
--- !u!64 &7676253184338850590
MeshCollider:
  m_ObjectHideFlags: 0
  m_CorrespondingSourceObject: {fileID: 0}
  m_PrefabInstance: {fileID: 0}
  m_PrefabAsset: {fileID: 0}
  m_GameObject: {fileID: 6602606341090457845}
  m_Material: {fileID: 0}
  m_IsTrigger: 0
  m_Enabled: 1
  serializedVersion: 4
  m_Convex: 1
  m_CookingOptions: 30
  m_Mesh: {fileID: 10202, guid: 0000000000000000e000000000000000, type: 0}
--- !u!54 &5610187252651051480
Rigidbody:
  m_ObjectHideFlags: 0
  m_CorrespondingSourceObject: {fileID: 0}
  m_PrefabInstance: {fileID: 0}
  m_PrefabAsset: {fileID: 0}
  m_GameObject: {fileID: 6602606341090457845}
  serializedVersion: 2
  m_Mass: 1
  m_Drag: 0
  m_AngularDrag: 0.05
  m_UseGravity: 1
  m_IsKinematic: 1
  m_Interpolate: 0
  m_Constraints: 0
  m_CollisionDetection: 0
--- !u!1 &6660794848448069272
GameObject:
  m_ObjectHideFlags: 0
  m_CorrespondingSourceObject: {fileID: 0}
  m_PrefabInstance: {fileID: 0}
  m_PrefabAsset: {fileID: 0}
  serializedVersion: 6
  m_Component:
  - component: {fileID: 7436418205859210538}
  - component: {fileID: 3639048787246680181}
  - component: {fileID: 6396115093292248985}
  - component: {fileID: 8602748437064664306}
  - component: {fileID: 430966339833963694}
  - component: {fileID: 983537460008639131}
  m_Layer: 0
  m_Name: WallN
  m_TagString: wall
  m_Icon: {fileID: 0}
  m_NavMeshLayer: 0
  m_StaticEditorFlags: 0
  m_IsActive: 1
--- !u!4 &7436418205859210538
Transform:
  m_ObjectHideFlags: 0
  m_CorrespondingSourceObject: {fileID: 0}
  m_PrefabInstance: {fileID: 0}
  m_PrefabAsset: {fileID: 0}
  m_GameObject: {fileID: 6660794848448069272}
  m_LocalRotation: {x: -0, y: -0, z: -0, w: 1}
  m_LocalPosition: {x: -51.97, y: -2.8, z: -1.0615187}
  m_LocalScale: {x: 1, y: 3, z: 100}
  m_Children: []
  m_Father: {fileID: 5592904454380787277}
  m_RootOrder: 0
  m_LocalEulerAnglesHint: {x: 0, y: 0, z: 0}
--- !u!33 &3639048787246680181
MeshFilter:
  m_ObjectHideFlags: 0
  m_CorrespondingSourceObject: {fileID: 0}
  m_PrefabInstance: {fileID: 0}
  m_PrefabAsset: {fileID: 0}
  m_GameObject: {fileID: 6660794848448069272}
  m_Mesh: {fileID: 10202, guid: 0000000000000000e000000000000000, type: 0}
--- !u!23 &6396115093292248985
MeshRenderer:
  m_ObjectHideFlags: 0
  m_CorrespondingSourceObject: {fileID: 0}
  m_PrefabInstance: {fileID: 0}
  m_PrefabAsset: {fileID: 0}
  m_GameObject: {fileID: 6660794848448069272}
  m_Enabled: 1
  m_CastShadows: 1
  m_ReceiveShadows: 1
  m_DynamicOccludee: 1
  m_MotionVectors: 1
  m_LightProbeUsage: 1
  m_ReflectionProbeUsage: 1
  m_RayTracingMode: 2
  m_RayTraceProcedural: 0
  m_RenderingLayerMask: 1
  m_RendererPriority: 0
  m_Materials:
  - {fileID: 2100000, guid: 1e1c6a0a64beb49ec96272beefa468a5, type: 2}
  m_StaticBatchInfo:
    firstSubMesh: 0
    subMeshCount: 0
  m_StaticBatchRoot: {fileID: 0}
  m_ProbeAnchor: {fileID: 0}
  m_LightProbeVolumeOverride: {fileID: 0}
  m_ScaleInLightmap: 1
  m_ReceiveGI: 1
  m_PreserveUVs: 0
  m_IgnoreNormalsForChartDetection: 0
  m_ImportantGI: 0
  m_StitchLightmapSeams: 1
  m_SelectedEditorRenderState: 3
  m_MinimumChartSize: 4
  m_AutoUVMaxDistance: 0.5
  m_AutoUVMaxAngle: 89
  m_LightmapParameters: {fileID: 0}
  m_SortingLayerID: 0
  m_SortingLayer: 0
  m_SortingOrder: 0
  m_AdditionalVertexStreams: {fileID: 0}
--- !u!65 &8602748437064664306
BoxCollider:
  m_ObjectHideFlags: 0
  m_CorrespondingSourceObject: {fileID: 0}
  m_PrefabInstance: {fileID: 0}
  m_PrefabAsset: {fileID: 0}
  m_GameObject: {fileID: 6660794848448069272}
  m_Material: {fileID: 0}
  m_IsTrigger: 0
  m_Enabled: 1
  serializedVersion: 2
  m_Size: {x: 1, y: 1, z: 1}
  m_Center: {x: 0, y: 0, z: 0}
--- !u!64 &430966339833963694
MeshCollider:
  m_ObjectHideFlags: 0
  m_CorrespondingSourceObject: {fileID: 0}
  m_PrefabInstance: {fileID: 0}
  m_PrefabAsset: {fileID: 0}
  m_GameObject: {fileID: 6660794848448069272}
  m_Material: {fileID: 0}
  m_IsTrigger: 0
  m_Enabled: 1
  serializedVersion: 4
  m_Convex: 1
  m_CookingOptions: 30
  m_Mesh: {fileID: 10202, guid: 0000000000000000e000000000000000, type: 0}
--- !u!54 &983537460008639131
Rigidbody:
  m_ObjectHideFlags: 0
  m_CorrespondingSourceObject: {fileID: 0}
  m_PrefabInstance: {fileID: 0}
  m_PrefabAsset: {fileID: 0}
  m_GameObject: {fileID: 6660794848448069272}
  serializedVersion: 2
  m_Mass: 1
  m_Drag: 0
  m_AngularDrag: 0.05
  m_UseGravity: 1
  m_IsKinematic: 1
  m_Interpolate: 0
  m_Constraints: 0
  m_CollisionDetection: 0
--- !u!1 &7590442521226702226
GameObject:
  m_ObjectHideFlags: 0
  m_CorrespondingSourceObject: {fileID: 0}
  m_PrefabInstance: {fileID: 0}
  m_PrefabAsset: {fileID: 0}
  serializedVersion: 6
  m_Component:
  - component: {fileID: 2543748835766039398}
  m_Layer: 0
  m_Name: Forest
  m_TagString: Untagged
  m_Icon: {fileID: 0}
  m_NavMeshLayer: 0
  m_StaticEditorFlags: 0
  m_IsActive: 1
--- !u!4 &2543748835766039398
Transform:
  m_ObjectHideFlags: 0
  m_CorrespondingSourceObject: {fileID: 0}
  m_PrefabInstance: {fileID: 0}
  m_PrefabAsset: {fileID: 0}
  m_GameObject: {fileID: 7590442521226702226}
  m_LocalRotation: {x: -0, y: -0, z: -0, w: 1}
  m_LocalPosition: {x: -12.848152, y: 2.092514, z: 16.894836}
  m_LocalScale: {x: 1, y: 1, z: 1}
  m_Children:
  - {fileID: 6814632393664087315}
  - {fileID: 7187477889120224241}
  - {fileID: 8686026369386433602}
  - {fileID: 5847632304679183144}
  - {fileID: 946802900741131589}
  - {fileID: 1171164847743112313}
  - {fileID: 4516432378246298717}
  - {fileID: 5163086940620214268}
  - {fileID: 7075040983565296634}
  m_Father: {fileID: 8709218817440575421}
  m_RootOrder: 5
  m_LocalEulerAnglesHint: {x: 0, y: 0, z: 0}
--- !u!1 &8529937991507393842
GameObject:
  m_ObjectHideFlags: 0
  m_CorrespondingSourceObject: {fileID: 0}
  m_PrefabInstance: {fileID: 0}
  m_PrefabAsset: {fileID: 0}
  serializedVersion: 6
  m_Component:
  - component: {fileID: 3755547846039345734}
  - component: {fileID: 3710551829985560865}
  m_Layer: 0
  m_Name: WaterSpawnerObject
  m_TagString: Untagged
  m_Icon: {fileID: 0}
  m_NavMeshLayer: 0
  m_StaticEditorFlags: 0
  m_IsActive: 1
--- !u!4 &3755547846039345734
Transform:
  m_ObjectHideFlags: 0
  m_CorrespondingSourceObject: {fileID: 0}
  m_PrefabInstance: {fileID: 0}
  m_PrefabAsset: {fileID: 0}
  m_GameObject: {fileID: 8529937991507393842}
  m_LocalRotation: {x: -0, y: -0, z: -0, w: 1}
  m_LocalPosition: {x: 0, y: 2, z: 0}
  m_LocalScale: {x: 1, y: 1, z: 1}
  m_Children: []
  m_Father: {fileID: 8709218817440575421}
  m_RootOrder: 3
  m_LocalEulerAnglesHint: {x: 0, y: 0, z: 0}
--- !u!114 &3710551829985560865
MonoBehaviour:
  m_ObjectHideFlags: 0
  m_CorrespondingSourceObject: {fileID: 0}
  m_PrefabInstance: {fileID: 0}
  m_PrefabAsset: {fileID: 0}
  m_GameObject: {fileID: 8529937991507393842}
  m_Enabled: 1
  m_EditorHideFlags: 0
  m_Script: {fileID: 11500000, guid: 7eefdd6a253f6218199c0da4da7ade1a, type: 3}
  m_Name: 
  m_EditorClassIdentifier: 
  water:
    nrOnInit: 1
    waterGain: 1
    canEatIt:
    - prey
    - predator
    spawnFrequency: 0
    prefab: {fileID: 75866880461423831, guid: bd68aa2f4ecee1887869498f6c30d7d9, type: 3}
    eatingActionNeeded: 0
  envRadius: 0
  staticNrOfWater: 1
  waterTypeList: []
  waterList: []
--- !u!1001 &951284107495029353
PrefabInstance:
  m_ObjectHideFlags: 0
  serializedVersion: 2
  m_Modification:
    m_TransformParent: {fileID: 2543748835766039398}
    m_Modifications:
    - target: {fileID: 1743353957770956, guid: 539fa9bc6500e44708e0f7b2c78cbefe, type: 3}
      propertyPath: m_Name
      value: PF Conifer Bare BOTD
      objectReference: {fileID: 0}
    - target: {fileID: 4534264641828652, guid: 539fa9bc6500e44708e0f7b2c78cbefe, type: 3}
      propertyPath: m_LocalPosition.x
      value: 52.048153
      objectReference: {fileID: 0}
    - target: {fileID: 4534264641828652, guid: 539fa9bc6500e44708e0f7b2c78cbefe, type: 3}
      propertyPath: m_LocalPosition.y
      value: -2.7528582
      objectReference: {fileID: 0}
    - target: {fileID: 4534264641828652, guid: 539fa9bc6500e44708e0f7b2c78cbefe, type: 3}
      propertyPath: m_LocalPosition.z
      value: -7.301956
      objectReference: {fileID: 0}
    - target: {fileID: 4534264641828652, guid: 539fa9bc6500e44708e0f7b2c78cbefe, type: 3}
      propertyPath: m_LocalRotation.x
      value: -0
      objectReference: {fileID: 0}
    - target: {fileID: 4534264641828652, guid: 539fa9bc6500e44708e0f7b2c78cbefe, type: 3}
      propertyPath: m_LocalRotation.y
      value: -0
      objectReference: {fileID: 0}
    - target: {fileID: 4534264641828652, guid: 539fa9bc6500e44708e0f7b2c78cbefe, type: 3}
      propertyPath: m_LocalRotation.z
      value: -0
      objectReference: {fileID: 0}
    - target: {fileID: 4534264641828652, guid: 539fa9bc6500e44708e0f7b2c78cbefe, type: 3}
      propertyPath: m_LocalRotation.w
      value: 1
      objectReference: {fileID: 0}
    - target: {fileID: 4534264641828652, guid: 539fa9bc6500e44708e0f7b2c78cbefe, type: 3}
      propertyPath: m_RootOrder
      value: 4
      objectReference: {fileID: 0}
    - target: {fileID: 4534264641828652, guid: 539fa9bc6500e44708e0f7b2c78cbefe, type: 3}
      propertyPath: m_LocalEulerAnglesHint.x
      value: 0
      objectReference: {fileID: 0}
    - target: {fileID: 4534264641828652, guid: 539fa9bc6500e44708e0f7b2c78cbefe, type: 3}
      propertyPath: m_LocalEulerAnglesHint.y
      value: 0
      objectReference: {fileID: 0}
    - target: {fileID: 4534264641828652, guid: 539fa9bc6500e44708e0f7b2c78cbefe, type: 3}
      propertyPath: m_LocalEulerAnglesHint.z
      value: 0
      objectReference: {fileID: 0}
    m_RemovedComponents: []
  m_SourcePrefab: {fileID: 100100000, guid: 539fa9bc6500e44708e0f7b2c78cbefe, type: 3}
--- !u!4 &946802900741131589 stripped
Transform:
  m_CorrespondingSourceObject: {fileID: 4534264641828652, guid: 539fa9bc6500e44708e0f7b2c78cbefe, type: 3}
  m_PrefabInstance: {fileID: 951284107495029353}
  m_PrefabAsset: {fileID: 0}
--- !u!1001 &1175663642363568981
PrefabInstance:
  m_ObjectHideFlags: 0
  serializedVersion: 2
  m_Modification:
    m_TransformParent: {fileID: 2543748835766039398}
    m_Modifications:
    - target: {fileID: 1743353957770956, guid: 539fa9bc6500e44708e0f7b2c78cbefe, type: 3}
      propertyPath: m_Name
      value: PF Conifer Bare BOTD
      objectReference: {fileID: 0}
    - target: {fileID: 4534264641828652, guid: 539fa9bc6500e44708e0f7b2c78cbefe, type: 3}
      propertyPath: m_LocalPosition.x
      value: 51.375313
      objectReference: {fileID: 0}
    - target: {fileID: 4534264641828652, guid: 539fa9bc6500e44708e0f7b2c78cbefe, type: 3}
      propertyPath: m_LocalPosition.y
      value: -0.6603441
      objectReference: {fileID: 0}
    - target: {fileID: 4534264641828652, guid: 539fa9bc6500e44708e0f7b2c78cbefe, type: 3}
      propertyPath: m_LocalPosition.z
      value: 9.59288
      objectReference: {fileID: 0}
    - target: {fileID: 4534264641828652, guid: 539fa9bc6500e44708e0f7b2c78cbefe, type: 3}
      propertyPath: m_LocalRotation.x
      value: -0
      objectReference: {fileID: 0}
    - target: {fileID: 4534264641828652, guid: 539fa9bc6500e44708e0f7b2c78cbefe, type: 3}
      propertyPath: m_LocalRotation.y
      value: -0
      objectReference: {fileID: 0}
    - target: {fileID: 4534264641828652, guid: 539fa9bc6500e44708e0f7b2c78cbefe, type: 3}
      propertyPath: m_LocalRotation.z
      value: -0
      objectReference: {fileID: 0}
    - target: {fileID: 4534264641828652, guid: 539fa9bc6500e44708e0f7b2c78cbefe, type: 3}
      propertyPath: m_LocalRotation.w
      value: 1
      objectReference: {fileID: 0}
    - target: {fileID: 4534264641828652, guid: 539fa9bc6500e44708e0f7b2c78cbefe, type: 3}
      propertyPath: m_RootOrder
      value: 5
      objectReference: {fileID: 0}
    - target: {fileID: 4534264641828652, guid: 539fa9bc6500e44708e0f7b2c78cbefe, type: 3}
      propertyPath: m_LocalEulerAnglesHint.x
      value: 0
      objectReference: {fileID: 0}
    - target: {fileID: 4534264641828652, guid: 539fa9bc6500e44708e0f7b2c78cbefe, type: 3}
      propertyPath: m_LocalEulerAnglesHint.y
      value: 0
      objectReference: {fileID: 0}
    - target: {fileID: 4534264641828652, guid: 539fa9bc6500e44708e0f7b2c78cbefe, type: 3}
      propertyPath: m_LocalEulerAnglesHint.z
      value: 0
      objectReference: {fileID: 0}
    m_RemovedComponents: []
  m_SourcePrefab: {fileID: 100100000, guid: 539fa9bc6500e44708e0f7b2c78cbefe, type: 3}
--- !u!4 &1171164847743112313 stripped
Transform:
  m_CorrespondingSourceObject: {fileID: 4534264641828652, guid: 539fa9bc6500e44708e0f7b2c78cbefe, type: 3}
  m_PrefabInstance: {fileID: 1175663642363568981}
  m_PrefabAsset: {fileID: 0}
--- !u!1001 &2551883125147055125
PrefabInstance:
  m_ObjectHideFlags: 0
  serializedVersion: 2
  m_Modification:
    m_TransformParent: {fileID: 4368964284996793027}
    m_Modifications:
    - target: {fileID: 100008, guid: af253cd095eb9d2489eaad42eb9d5087, type: 3}
      propertyPath: m_Name
      value: Rock1_grup2 (1)
      objectReference: {fileID: 0}
    - target: {fileID: 400008, guid: af253cd095eb9d2489eaad42eb9d5087, type: 3}
      propertyPath: m_LocalPosition.x
      value: 28.725224
      objectReference: {fileID: 0}
    - target: {fileID: 400008, guid: af253cd095eb9d2489eaad42eb9d5087, type: 3}
      propertyPath: m_LocalPosition.y
      value: 0.7969589
      objectReference: {fileID: 0}
    - target: {fileID: 400008, guid: af253cd095eb9d2489eaad42eb9d5087, type: 3}
      propertyPath: m_LocalPosition.z
      value: -16.942429
      objectReference: {fileID: 0}
    - target: {fileID: 400008, guid: af253cd095eb9d2489eaad42eb9d5087, type: 3}
      propertyPath: m_LocalRotation.x
      value: -0
      objectReference: {fileID: 0}
    - target: {fileID: 400008, guid: af253cd095eb9d2489eaad42eb9d5087, type: 3}
      propertyPath: m_LocalRotation.y
      value: -0
      objectReference: {fileID: 0}
    - target: {fileID: 400008, guid: af253cd095eb9d2489eaad42eb9d5087, type: 3}
      propertyPath: m_LocalRotation.z
      value: -0
      objectReference: {fileID: 0}
    - target: {fileID: 400008, guid: af253cd095eb9d2489eaad42eb9d5087, type: 3}
      propertyPath: m_LocalRotation.w
      value: 1
      objectReference: {fileID: 0}
    - target: {fileID: 400008, guid: af253cd095eb9d2489eaad42eb9d5087, type: 3}
      propertyPath: m_RootOrder
      value: 3
      objectReference: {fileID: 0}
    - target: {fileID: 400008, guid: af253cd095eb9d2489eaad42eb9d5087, type: 3}
      propertyPath: m_LocalEulerAnglesHint.x
      value: 0
      objectReference: {fileID: 0}
    - target: {fileID: 400008, guid: af253cd095eb9d2489eaad42eb9d5087, type: 3}
      propertyPath: m_LocalEulerAnglesHint.y
      value: 0
      objectReference: {fileID: 0}
    - target: {fileID: 400008, guid: af253cd095eb9d2489eaad42eb9d5087, type: 3}
      propertyPath: m_LocalEulerAnglesHint.z
      value: 0
      objectReference: {fileID: 0}
    m_RemovedComponents: []
  m_SourcePrefab: {fileID: 100100000, guid: af253cd095eb9d2489eaad42eb9d5087, type: 3}
--- !u!4 &2551883125146922653 stripped
Transform:
  m_CorrespondingSourceObject: {fileID: 400008, guid: af253cd095eb9d2489eaad42eb9d5087, type: 3}
  m_PrefabInstance: {fileID: 2551883125147055125}
  m_PrefabAsset: {fileID: 0}
--- !u!1001 &2806464212380620553
PrefabInstance:
  m_ObjectHideFlags: 0
  serializedVersion: 2
  m_Modification:
    m_TransformParent: {fileID: 4368964284996793027}
    m_Modifications:
    - target: {fileID: 100000, guid: 805c67df44184af4397411e0ea8b8c50, type: 3}
      propertyPath: m_Name
      value: Rock1D
      objectReference: {fileID: 0}
    - target: {fileID: 400000, guid: 805c67df44184af4397411e0ea8b8c50, type: 3}
      propertyPath: m_LocalPosition.x
      value: 14.880829
      objectReference: {fileID: 0}
    - target: {fileID: 400000, guid: 805c67df44184af4397411e0ea8b8c50, type: 3}
      propertyPath: m_LocalPosition.y
      value: 1.4140644
      objectReference: {fileID: 0}
    - target: {fileID: 400000, guid: 805c67df44184af4397411e0ea8b8c50, type: 3}
      propertyPath: m_LocalPosition.z
      value: 38
      objectReference: {fileID: 0}
    - target: {fileID: 400000, guid: 805c67df44184af4397411e0ea8b8c50, type: 3}
      propertyPath: m_LocalRotation.x
      value: -0
      objectReference: {fileID: 0}
    - target: {fileID: 400000, guid: 805c67df44184af4397411e0ea8b8c50, type: 3}
      propertyPath: m_LocalRotation.y
      value: -0
      objectReference: {fileID: 0}
    - target: {fileID: 400000, guid: 805c67df44184af4397411e0ea8b8c50, type: 3}
      propertyPath: m_LocalRotation.z
      value: -0
      objectReference: {fileID: 0}
    - target: {fileID: 400000, guid: 805c67df44184af4397411e0ea8b8c50, type: 3}
      propertyPath: m_LocalRotation.w
      value: 1
      objectReference: {fileID: 0}
    - target: {fileID: 400000, guid: 805c67df44184af4397411e0ea8b8c50, type: 3}
      propertyPath: m_RootOrder
      value: 1
      objectReference: {fileID: 0}
    - target: {fileID: 400000, guid: 805c67df44184af4397411e0ea8b8c50, type: 3}
      propertyPath: m_LocalEulerAnglesHint.x
      value: 0
      objectReference: {fileID: 0}
    - target: {fileID: 400000, guid: 805c67df44184af4397411e0ea8b8c50, type: 3}
      propertyPath: m_LocalEulerAnglesHint.y
      value: 0
      objectReference: {fileID: 0}
    - target: {fileID: 400000, guid: 805c67df44184af4397411e0ea8b8c50, type: 3}
      propertyPath: m_LocalEulerAnglesHint.z
      value: 0
      objectReference: {fileID: 0}
    m_RemovedComponents: []
  m_SourcePrefab: {fileID: 100100000, guid: 805c67df44184af4397411e0ea8b8c50, type: 3}
--- !u!4 &2806464212380749193 stripped
Transform:
  m_CorrespondingSourceObject: {fileID: 400000, guid: 805c67df44184af4397411e0ea8b8c50, type: 3}
  m_PrefabInstance: {fileID: 2806464212380620553}
  m_PrefabAsset: {fileID: 0}
--- !u!1001 &3196932711976143925
PrefabInstance:
  m_ObjectHideFlags: 0
  serializedVersion: 2
  m_Modification:
    m_TransformParent: {fileID: 8709218817440575421}
    m_Modifications:
    - target: {fileID: 100000, guid: 27bfdb9a40efac94b969eaf77cea92d9, type: 3}
      propertyPath: m_Name
      value: Rock5A
      objectReference: {fileID: 0}
    - target: {fileID: 400000, guid: 27bfdb9a40efac94b969eaf77cea92d9, type: 3}
      propertyPath: m_LocalPosition.x
      value: -20.809334
      objectReference: {fileID: 0}
    - target: {fileID: 400000, guid: 27bfdb9a40efac94b969eaf77cea92d9, type: 3}
      propertyPath: m_LocalPosition.y
      value: 2.433751
      objectReference: {fileID: 0}
    - target: {fileID: 400000, guid: 27bfdb9a40efac94b969eaf77cea92d9, type: 3}
      propertyPath: m_LocalPosition.z
      value: 25.801517
      objectReference: {fileID: 0}
    - target: {fileID: 400000, guid: 27bfdb9a40efac94b969eaf77cea92d9, type: 3}
      propertyPath: m_LocalRotation.x
      value: -0
      objectReference: {fileID: 0}
    - target: {fileID: 400000, guid: 27bfdb9a40efac94b969eaf77cea92d9, type: 3}
      propertyPath: m_LocalRotation.y
      value: -0
      objectReference: {fileID: 0}
    - target: {fileID: 400000, guid: 27bfdb9a40efac94b969eaf77cea92d9, type: 3}
      propertyPath: m_LocalRotation.z
      value: -0
      objectReference: {fileID: 0}
    - target: {fileID: 400000, guid: 27bfdb9a40efac94b969eaf77cea92d9, type: 3}
      propertyPath: m_LocalRotation.w
      value: 1
      objectReference: {fileID: 0}
    - target: {fileID: 400000, guid: 27bfdb9a40efac94b969eaf77cea92d9, type: 3}
      propertyPath: m_RootOrder
      value: 7
      objectReference: {fileID: 0}
    - target: {fileID: 400000, guid: 27bfdb9a40efac94b969eaf77cea92d9, type: 3}
      propertyPath: m_LocalEulerAnglesHint.x
      value: 0
      objectReference: {fileID: 0}
    - target: {fileID: 400000, guid: 27bfdb9a40efac94b969eaf77cea92d9, type: 3}
      propertyPath: m_LocalEulerAnglesHint.y
      value: 0
      objectReference: {fileID: 0}
    - target: {fileID: 400000, guid: 27bfdb9a40efac94b969eaf77cea92d9, type: 3}
      propertyPath: m_LocalEulerAnglesHint.z
      value: 0
      objectReference: {fileID: 0}
    m_RemovedComponents: []
  m_SourcePrefab: {fileID: 100100000, guid: 27bfdb9a40efac94b969eaf77cea92d9, type: 3}
--- !u!4 &3196932711976277685 stripped
Transform:
  m_CorrespondingSourceObject: {fileID: 400000, guid: 27bfdb9a40efac94b969eaf77cea92d9, type: 3}
  m_PrefabInstance: {fileID: 3196932711976143925}
  m_PrefabAsset: {fileID: 0}
--- !u!1001 &4513699439704144291
PrefabInstance:
  m_ObjectHideFlags: 0
  serializedVersion: 2
  m_Modification:
    m_TransformParent: {fileID: 2543748835766039398}
    m_Modifications:
    - target: {fileID: 1214657917099862, guid: abdd95d0229d64588b03d2806d9cc19a, type: 3}
      propertyPath: m_Name
      value: PF Conifer Medium BOTD
      objectReference: {fileID: 0}
    - target: {fileID: 4071390273635838, guid: abdd95d0229d64588b03d2806d9cc19a, type: 3}
      propertyPath: m_LocalPosition.x
      value: 38.3
      objectReference: {fileID: 0}
    - target: {fileID: 4071390273635838, guid: abdd95d0229d64588b03d2806d9cc19a, type: 3}
      propertyPath: m_LocalPosition.y
      value: 11.503391
      objectReference: {fileID: 0}
    - target: {fileID: 4071390273635838, guid: abdd95d0229d64588b03d2806d9cc19a, type: 3}
      propertyPath: m_LocalPosition.z
      value: 20.093115
      objectReference: {fileID: 0}
    - target: {fileID: 4071390273635838, guid: abdd95d0229d64588b03d2806d9cc19a, type: 3}
      propertyPath: m_LocalRotation.x
      value: 0
      objectReference: {fileID: 0}
    - target: {fileID: 4071390273635838, guid: abdd95d0229d64588b03d2806d9cc19a, type: 3}
      propertyPath: m_LocalRotation.y
      value: 0
      objectReference: {fileID: 0}
    - target: {fileID: 4071390273635838, guid: abdd95d0229d64588b03d2806d9cc19a, type: 3}
      propertyPath: m_LocalRotation.z
      value: 0
      objectReference: {fileID: 0}
    - target: {fileID: 4071390273635838, guid: abdd95d0229d64588b03d2806d9cc19a, type: 3}
      propertyPath: m_LocalRotation.w
      value: 1
      objectReference: {fileID: 0}
    - target: {fileID: 4071390273635838, guid: abdd95d0229d64588b03d2806d9cc19a, type: 3}
      propertyPath: m_RootOrder
      value: 6
      objectReference: {fileID: 0}
    - target: {fileID: 4071390273635838, guid: abdd95d0229d64588b03d2806d9cc19a, type: 3}
      propertyPath: m_LocalEulerAnglesHint.x
      value: 0
      objectReference: {fileID: 0}
    - target: {fileID: 4071390273635838, guid: abdd95d0229d64588b03d2806d9cc19a, type: 3}
      propertyPath: m_LocalEulerAnglesHint.y
      value: 0
      objectReference: {fileID: 0}
    - target: {fileID: 4071390273635838, guid: abdd95d0229d64588b03d2806d9cc19a, type: 3}
      propertyPath: m_LocalEulerAnglesHint.z
      value: 0
      objectReference: {fileID: 0}
    m_RemovedComponents: []
  m_SourcePrefab: {fileID: 100100000, guid: abdd95d0229d64588b03d2806d9cc19a, type: 3}
--- !u!4 &4516432378246298717 stripped
Transform:
  m_CorrespondingSourceObject: {fileID: 4071390273635838, guid: abdd95d0229d64588b03d2806d9cc19a, type: 3}
  m_PrefabInstance: {fileID: 4513699439704144291}
  m_PrefabAsset: {fileID: 0}
--- !u!1001 &5167406158133452190
PrefabInstance:
  m_ObjectHideFlags: 0
  serializedVersion: 2
  m_Modification:
    m_TransformParent: {fileID: 2543748835766039398}
    m_Modifications:
    - target: {fileID: 1364922359172550, guid: 7e3c80b421a0d465b80b8e51a763ea9c, type: 3}
      propertyPath: m_Name
      value: PF Conifer Small BOTD
      objectReference: {fileID: 0}
    - target: {fileID: 4689083990643298, guid: 7e3c80b421a0d465b80b8e51a763ea9c, type: 3}
      propertyPath: m_LocalPosition.x
      value: 55.3
      objectReference: {fileID: 0}
    - target: {fileID: 4689083990643298, guid: 7e3c80b421a0d465b80b8e51a763ea9c, type: 3}
      propertyPath: m_LocalPosition.y
      value: 11.503391
      objectReference: {fileID: 0}
    - target: {fileID: 4689083990643298, guid: 7e3c80b421a0d465b80b8e51a763ea9c, type: 3}
      propertyPath: m_LocalPosition.z
      value: 31.3
      objectReference: {fileID: 0}
    - target: {fileID: 4689083990643298, guid: 7e3c80b421a0d465b80b8e51a763ea9c, type: 3}
      propertyPath: m_LocalRotation.x
      value: -0
      objectReference: {fileID: 0}
    - target: {fileID: 4689083990643298, guid: 7e3c80b421a0d465b80b8e51a763ea9c, type: 3}
      propertyPath: m_LocalRotation.y
      value: -0
      objectReference: {fileID: 0}
    - target: {fileID: 4689083990643298, guid: 7e3c80b421a0d465b80b8e51a763ea9c, type: 3}
      propertyPath: m_LocalRotation.z
      value: -0
      objectReference: {fileID: 0}
    - target: {fileID: 4689083990643298, guid: 7e3c80b421a0d465b80b8e51a763ea9c, type: 3}
      propertyPath: m_LocalRotation.w
      value: 1
      objectReference: {fileID: 0}
    - target: {fileID: 4689083990643298, guid: 7e3c80b421a0d465b80b8e51a763ea9c, type: 3}
      propertyPath: m_RootOrder
      value: 7
      objectReference: {fileID: 0}
    - target: {fileID: 4689083990643298, guid: 7e3c80b421a0d465b80b8e51a763ea9c, type: 3}
      propertyPath: m_LocalEulerAnglesHint.x
      value: 0
      objectReference: {fileID: 0}
    - target: {fileID: 4689083990643298, guid: 7e3c80b421a0d465b80b8e51a763ea9c, type: 3}
      propertyPath: m_LocalEulerAnglesHint.y
      value: 0
      objectReference: {fileID: 0}
    - target: {fileID: 4689083990643298, guid: 7e3c80b421a0d465b80b8e51a763ea9c, type: 3}
      propertyPath: m_LocalEulerAnglesHint.z
      value: 0
      objectReference: {fileID: 0}
    m_RemovedComponents: []
  m_SourcePrefab: {fileID: 100100000, guid: 7e3c80b421a0d465b80b8e51a763ea9c, type: 3}
--- !u!4 &5163086940620214268 stripped
Transform:
  m_CorrespondingSourceObject: {fileID: 4689083990643298, guid: 7e3c80b421a0d465b80b8e51a763ea9c, type: 3}
  m_PrefabInstance: {fileID: 5167406158133452190}
  m_PrefabAsset: {fileID: 0}
--- !u!1001 &5695839152678395503
PrefabInstance:
  m_ObjectHideFlags: 0
  serializedVersion: 2
  m_Modification:
    m_TransformParent: {fileID: 4368964284996793027}
    m_Modifications:
    - target: {fileID: 100010, guid: 358464627c45ed2459452fec5a7663e0, type: 3}
      propertyPath: m_Name
      value: Rock1LOD_grup1
      objectReference: {fileID: 0}
    - target: {fileID: 400010, guid: 358464627c45ed2459452fec5a7663e0, type: 3}
      propertyPath: m_LocalPosition.x
      value: 30.515476
      objectReference: {fileID: 0}
    - target: {fileID: 400010, guid: 358464627c45ed2459452fec5a7663e0, type: 3}
      propertyPath: m_LocalPosition.y
      value: 0.90929085
      objectReference: {fileID: 0}
    - target: {fileID: 400010, guid: 358464627c45ed2459452fec5a7663e0, type: 3}
      propertyPath: m_LocalPosition.z
      value: 28.8
      objectReference: {fileID: 0}
    - target: {fileID: 400010, guid: 358464627c45ed2459452fec5a7663e0, type: 3}
      propertyPath: m_LocalRotation.x
      value: -0
      objectReference: {fileID: 0}
    - target: {fileID: 400010, guid: 358464627c45ed2459452fec5a7663e0, type: 3}
      propertyPath: m_LocalRotation.y
      value: -0
      objectReference: {fileID: 0}
    - target: {fileID: 400010, guid: 358464627c45ed2459452fec5a7663e0, type: 3}
      propertyPath: m_LocalRotation.z
      value: -0
      objectReference: {fileID: 0}
    - target: {fileID: 400010, guid: 358464627c45ed2459452fec5a7663e0, type: 3}
      propertyPath: m_LocalRotation.w
      value: 1
      objectReference: {fileID: 0}
    - target: {fileID: 400010, guid: 358464627c45ed2459452fec5a7663e0, type: 3}
      propertyPath: m_RootOrder
      value: 2
      objectReference: {fileID: 0}
    - target: {fileID: 400010, guid: 358464627c45ed2459452fec5a7663e0, type: 3}
      propertyPath: m_LocalEulerAnglesHint.x
      value: 0
      objectReference: {fileID: 0}
    - target: {fileID: 400010, guid: 358464627c45ed2459452fec5a7663e0, type: 3}
      propertyPath: m_LocalEulerAnglesHint.y
      value: 0
      objectReference: {fileID: 0}
    - target: {fileID: 400010, guid: 358464627c45ed2459452fec5a7663e0, type: 3}
      propertyPath: m_LocalEulerAnglesHint.z
      value: 0
      objectReference: {fileID: 0}
    m_RemovedComponents: []
  m_SourcePrefab: {fileID: 100100000, guid: 358464627c45ed2459452fec5a7663e0, type: 3}
--- !u!4 &5695839152678782181 stripped
Transform:
  m_CorrespondingSourceObject: {fileID: 400010, guid: 358464627c45ed2459452fec5a7663e0, type: 3}
  m_PrefabInstance: {fileID: 5695839152678395503}
  m_PrefabAsset: {fileID: 0}
--- !u!1001 &5852125876619793412
PrefabInstance:
  m_ObjectHideFlags: 0
  serializedVersion: 2
  m_Modification:
    m_TransformParent: {fileID: 2543748835766039398}
    m_Modifications:
    - target: {fileID: 1743353957770956, guid: 539fa9bc6500e44708e0f7b2c78cbefe, type: 3}
      propertyPath: m_Name
      value: PF Conifer Bare BOTD (1)
      objectReference: {fileID: 0}
    - target: {fileID: 4534264641828652, guid: 539fa9bc6500e44708e0f7b2c78cbefe, type: 3}
      propertyPath: m_LocalPosition.x
      value: 40.348152
      objectReference: {fileID: 0}
    - target: {fileID: 4534264641828652, guid: 539fa9bc6500e44708e0f7b2c78cbefe, type: 3}
      propertyPath: m_LocalPosition.y
      value: -2.7528582
      objectReference: {fileID: 0}
    - target: {fileID: 4534264641828652, guid: 539fa9bc6500e44708e0f7b2c78cbefe, type: 3}
      propertyPath: m_LocalPosition.z
      value: -7.301956
      objectReference: {fileID: 0}
    - target: {fileID: 4534264641828652, guid: 539fa9bc6500e44708e0f7b2c78cbefe, type: 3}
      propertyPath: m_LocalRotation.x
      value: -0
      objectReference: {fileID: 0}
    - target: {fileID: 4534264641828652, guid: 539fa9bc6500e44708e0f7b2c78cbefe, type: 3}
      propertyPath: m_LocalRotation.y
      value: -0
      objectReference: {fileID: 0}
    - target: {fileID: 4534264641828652, guid: 539fa9bc6500e44708e0f7b2c78cbefe, type: 3}
      propertyPath: m_LocalRotation.z
      value: -0
      objectReference: {fileID: 0}
    - target: {fileID: 4534264641828652, guid: 539fa9bc6500e44708e0f7b2c78cbefe, type: 3}
      propertyPath: m_LocalRotation.w
      value: 1
      objectReference: {fileID: 0}
    - target: {fileID: 4534264641828652, guid: 539fa9bc6500e44708e0f7b2c78cbefe, type: 3}
      propertyPath: m_RootOrder
      value: 3
      objectReference: {fileID: 0}
    - target: {fileID: 4534264641828652, guid: 539fa9bc6500e44708e0f7b2c78cbefe, type: 3}
      propertyPath: m_LocalEulerAnglesHint.x
      value: 0
      objectReference: {fileID: 0}
    - target: {fileID: 4534264641828652, guid: 539fa9bc6500e44708e0f7b2c78cbefe, type: 3}
      propertyPath: m_LocalEulerAnglesHint.y
      value: 0
      objectReference: {fileID: 0}
    - target: {fileID: 4534264641828652, guid: 539fa9bc6500e44708e0f7b2c78cbefe, type: 3}
      propertyPath: m_LocalEulerAnglesHint.z
      value: 0
      objectReference: {fileID: 0}
    m_RemovedComponents: []
  m_SourcePrefab: {fileID: 100100000, guid: 539fa9bc6500e44708e0f7b2c78cbefe, type: 3}
--- !u!4 &5847632304679183144 stripped
Transform:
  m_CorrespondingSourceObject: {fileID: 4534264641828652, guid: 539fa9bc6500e44708e0f7b2c78cbefe, type: 3}
  m_PrefabInstance: {fileID: 5852125876619793412}
  m_PrefabAsset: {fileID: 0}
--- !u!1001 &6169365124282948995
PrefabInstance:
  m_ObjectHideFlags: 0
  serializedVersion: 2
  m_Modification:
    m_TransformParent: {fileID: 4368964284996793027}
    m_Modifications:
    - target: {fileID: 100008, guid: af253cd095eb9d2489eaad42eb9d5087, type: 3}
      propertyPath: m_Name
      value: Rock1_grup2
      objectReference: {fileID: 0}
    - target: {fileID: 400008, guid: af253cd095eb9d2489eaad42eb9d5087, type: 3}
      propertyPath: m_LocalPosition.x
      value: 10.950409
      objectReference: {fileID: 0}
    - target: {fileID: 400008, guid: af253cd095eb9d2489eaad42eb9d5087, type: 3}
      propertyPath: m_LocalPosition.y
      value: 0.7969551
      objectReference: {fileID: 0}
    - target: {fileID: 400008, guid: af253cd095eb9d2489eaad42eb9d5087, type: 3}
      propertyPath: m_LocalPosition.z
      value: 28.466236
      objectReference: {fileID: 0}
    - target: {fileID: 400008, guid: af253cd095eb9d2489eaad42eb9d5087, type: 3}
      propertyPath: m_LocalRotation.x
      value: -0
      objectReference: {fileID: 0}
    - target: {fileID: 400008, guid: af253cd095eb9d2489eaad42eb9d5087, type: 3}
      propertyPath: m_LocalRotation.y
      value: -0
      objectReference: {fileID: 0}
    - target: {fileID: 400008, guid: af253cd095eb9d2489eaad42eb9d5087, type: 3}
      propertyPath: m_LocalRotation.z
      value: -0
      objectReference: {fileID: 0}
    - target: {fileID: 400008, guid: af253cd095eb9d2489eaad42eb9d5087, type: 3}
      propertyPath: m_LocalRotation.w
      value: 1
      objectReference: {fileID: 0}
    - target: {fileID: 400008, guid: af253cd095eb9d2489eaad42eb9d5087, type: 3}
      propertyPath: m_RootOrder
      value: 0
      objectReference: {fileID: 0}
    - target: {fileID: 400008, guid: af253cd095eb9d2489eaad42eb9d5087, type: 3}
      propertyPath: m_LocalEulerAnglesHint.x
      value: 0
      objectReference: {fileID: 0}
    - target: {fileID: 400008, guid: af253cd095eb9d2489eaad42eb9d5087, type: 3}
      propertyPath: m_LocalEulerAnglesHint.y
      value: 0
      objectReference: {fileID: 0}
    - target: {fileID: 400008, guid: af253cd095eb9d2489eaad42eb9d5087, type: 3}
      propertyPath: m_LocalEulerAnglesHint.z
      value: 0
      objectReference: {fileID: 0}
    m_RemovedComponents: []
  m_SourcePrefab: {fileID: 100100000, guid: af253cd095eb9d2489eaad42eb9d5087, type: 3}
--- !u!4 &6169365124283336459 stripped
Transform:
  m_CorrespondingSourceObject: {fileID: 400008, guid: af253cd095eb9d2489eaad42eb9d5087, type: 3}
  m_PrefabInstance: {fileID: 6169365124282948995}
  m_PrefabAsset: {fileID: 0}
--- !u!1001 &6810124255317783103
PrefabInstance:
  m_ObjectHideFlags: 0
  serializedVersion: 2
  m_Modification:
    m_TransformParent: {fileID: 2543748835766039398}
    m_Modifications:
    - target: {fileID: 1743353957770956, guid: 539fa9bc6500e44708e0f7b2c78cbefe, type: 3}
      propertyPath: m_Name
      value: PF Conifer Bare BOTD
      objectReference: {fileID: 0}
    - target: {fileID: 4534264641828652, guid: 539fa9bc6500e44708e0f7b2c78cbefe, type: 3}
      propertyPath: m_LocalPosition.x
      value: 39.7
      objectReference: {fileID: 0}
    - target: {fileID: 4534264641828652, guid: 539fa9bc6500e44708e0f7b2c78cbefe, type: 3}
      propertyPath: m_LocalPosition.y
      value: -2.7528582
      objectReference: {fileID: 0}
    - target: {fileID: 4534264641828652, guid: 539fa9bc6500e44708e0f7b2c78cbefe, type: 3}
      propertyPath: m_LocalPosition.z
      value: 7.7
      objectReference: {fileID: 0}
    - target: {fileID: 4534264641828652, guid: 539fa9bc6500e44708e0f7b2c78cbefe, type: 3}
      propertyPath: m_LocalRotation.x
      value: -0
      objectReference: {fileID: 0}
    - target: {fileID: 4534264641828652, guid: 539fa9bc6500e44708e0f7b2c78cbefe, type: 3}
      propertyPath: m_LocalRotation.y
      value: -0
      objectReference: {fileID: 0}
    - target: {fileID: 4534264641828652, guid: 539fa9bc6500e44708e0f7b2c78cbefe, type: 3}
      propertyPath: m_LocalRotation.z
      value: -0
      objectReference: {fileID: 0}
    - target: {fileID: 4534264641828652, guid: 539fa9bc6500e44708e0f7b2c78cbefe, type: 3}
      propertyPath: m_LocalRotation.w
      value: 1
      objectReference: {fileID: 0}
    - target: {fileID: 4534264641828652, guid: 539fa9bc6500e44708e0f7b2c78cbefe, type: 3}
      propertyPath: m_RootOrder
      value: 0
      objectReference: {fileID: 0}
    - target: {fileID: 4534264641828652, guid: 539fa9bc6500e44708e0f7b2c78cbefe, type: 3}
      propertyPath: m_LocalEulerAnglesHint.x
      value: 0
      objectReference: {fileID: 0}
    - target: {fileID: 4534264641828652, guid: 539fa9bc6500e44708e0f7b2c78cbefe, type: 3}
      propertyPath: m_LocalEulerAnglesHint.y
      value: 0
      objectReference: {fileID: 0}
    - target: {fileID: 4534264641828652, guid: 539fa9bc6500e44708e0f7b2c78cbefe, type: 3}
      propertyPath: m_LocalEulerAnglesHint.z
      value: 0
      objectReference: {fileID: 0}
    m_RemovedComponents: []
  m_SourcePrefab: {fileID: 100100000, guid: 539fa9bc6500e44708e0f7b2c78cbefe, type: 3}
--- !u!4 &6814632393664087315 stripped
Transform:
  m_CorrespondingSourceObject: {fileID: 4534264641828652, guid: 539fa9bc6500e44708e0f7b2c78cbefe, type: 3}
  m_PrefabInstance: {fileID: 6810124255317783103}
  m_PrefabAsset: {fileID: 0}
--- !u!1001 &7079521904712111318
PrefabInstance:
  m_ObjectHideFlags: 0
  serializedVersion: 2
  m_Modification:
    m_TransformParent: {fileID: 2543748835766039398}
    m_Modifications:
    - target: {fileID: 1743353957770956, guid: f41642586885949968180791f012ee81, type: 3}
      propertyPath: m_Name
      value: PF Conifer Tall BOTD
      objectReference: {fileID: 0}
    - target: {fileID: 4534264641828652, guid: f41642586885949968180791f012ee81, type: 3}
      propertyPath: m_LocalPosition.x
      value: 59.2
      objectReference: {fileID: 0}
    - target: {fileID: 4534264641828652, guid: f41642586885949968180791f012ee81, type: 3}
      propertyPath: m_LocalPosition.y
      value: 11.503391
      objectReference: {fileID: 0}
    - target: {fileID: 4534264641828652, guid: f41642586885949968180791f012ee81, type: 3}
      propertyPath: m_LocalPosition.z
      value: -11
      objectReference: {fileID: 0}
    - target: {fileID: 4534264641828652, guid: f41642586885949968180791f012ee81, type: 3}
      propertyPath: m_LocalRotation.x
      value: 0
      objectReference: {fileID: 0}
    - target: {fileID: 4534264641828652, guid: f41642586885949968180791f012ee81, type: 3}
      propertyPath: m_LocalRotation.y
      value: 0
      objectReference: {fileID: 0}
    - target: {fileID: 4534264641828652, guid: f41642586885949968180791f012ee81, type: 3}
      propertyPath: m_LocalRotation.z
      value: 0
      objectReference: {fileID: 0}
    - target: {fileID: 4534264641828652, guid: f41642586885949968180791f012ee81, type: 3}
      propertyPath: m_LocalRotation.w
      value: 1
      objectReference: {fileID: 0}
    - target: {fileID: 4534264641828652, guid: f41642586885949968180791f012ee81, type: 3}
      propertyPath: m_RootOrder
      value: 8
      objectReference: {fileID: 0}
    - target: {fileID: 4534264641828652, guid: f41642586885949968180791f012ee81, type: 3}
      propertyPath: m_LocalEulerAnglesHint.x
      value: 0
      objectReference: {fileID: 0}
    - target: {fileID: 4534264641828652, guid: f41642586885949968180791f012ee81, type: 3}
      propertyPath: m_LocalEulerAnglesHint.y
      value: 0
      objectReference: {fileID: 0}
    - target: {fileID: 4534264641828652, guid: f41642586885949968180791f012ee81, type: 3}
      propertyPath: m_LocalEulerAnglesHint.z
      value: 0
      objectReference: {fileID: 0}
    m_RemovedComponents: []
  m_SourcePrefab: {fileID: 100100000, guid: f41642586885949968180791f012ee81, type: 3}
--- !u!4 &7075040983565296634 stripped
Transform:
  m_CorrespondingSourceObject: {fileID: 4534264641828652, guid: f41642586885949968180791f012ee81, type: 3}
  m_PrefabInstance: {fileID: 7079521904712111318}
  m_PrefabAsset: {fileID: 0}
--- !u!1001 &7183142163363516819
PrefabInstance:
  m_ObjectHideFlags: 0
  serializedVersion: 2
  m_Modification:
    m_TransformParent: {fileID: 2543748835766039398}
    m_Modifications:
    - target: {fileID: 1364922359172550, guid: 7e3c80b421a0d465b80b8e51a763ea9c, type: 3}
      propertyPath: m_Name
      value: PF Conifer Small BOTD (1)
      objectReference: {fileID: 0}
    - target: {fileID: 4689083990643298, guid: 7e3c80b421a0d465b80b8e51a763ea9c, type: 3}
      propertyPath: m_LocalPosition.x
      value: 62.5
      objectReference: {fileID: 0}
    - target: {fileID: 4689083990643298, guid: 7e3c80b421a0d465b80b8e51a763ea9c, type: 3}
      propertyPath: m_LocalPosition.y
      value: 11.503391
      objectReference: {fileID: 0}
    - target: {fileID: 4689083990643298, guid: 7e3c80b421a0d465b80b8e51a763ea9c, type: 3}
      propertyPath: m_LocalPosition.z
      value: 18.98
      objectReference: {fileID: 0}
    - target: {fileID: 4689083990643298, guid: 7e3c80b421a0d465b80b8e51a763ea9c, type: 3}
      propertyPath: m_LocalRotation.x
      value: -0
      objectReference: {fileID: 0}
    - target: {fileID: 4689083990643298, guid: 7e3c80b421a0d465b80b8e51a763ea9c, type: 3}
      propertyPath: m_LocalRotation.y
      value: -0
      objectReference: {fileID: 0}
    - target: {fileID: 4689083990643298, guid: 7e3c80b421a0d465b80b8e51a763ea9c, type: 3}
      propertyPath: m_LocalRotation.z
      value: -0
      objectReference: {fileID: 0}
    - target: {fileID: 4689083990643298, guid: 7e3c80b421a0d465b80b8e51a763ea9c, type: 3}
      propertyPath: m_LocalRotation.w
      value: 1
      objectReference: {fileID: 0}
    - target: {fileID: 4689083990643298, guid: 7e3c80b421a0d465b80b8e51a763ea9c, type: 3}
      propertyPath: m_RootOrder
      value: 1
      objectReference: {fileID: 0}
    - target: {fileID: 4689083990643298, guid: 7e3c80b421a0d465b80b8e51a763ea9c, type: 3}
      propertyPath: m_LocalEulerAnglesHint.x
      value: 0
      objectReference: {fileID: 0}
    - target: {fileID: 4689083990643298, guid: 7e3c80b421a0d465b80b8e51a763ea9c, type: 3}
      propertyPath: m_LocalEulerAnglesHint.y
      value: 0
      objectReference: {fileID: 0}
    - target: {fileID: 4689083990643298, guid: 7e3c80b421a0d465b80b8e51a763ea9c, type: 3}
      propertyPath: m_LocalEulerAnglesHint.z
      value: 0
      objectReference: {fileID: 0}
    m_RemovedComponents: []
  m_SourcePrefab: {fileID: 100100000, guid: 7e3c80b421a0d465b80b8e51a763ea9c, type: 3}
--- !u!4 &7187477889120224241 stripped
Transform:
  m_CorrespondingSourceObject: {fileID: 4689083990643298, guid: 7e3c80b421a0d465b80b8e51a763ea9c, type: 3}
  m_PrefabInstance: {fileID: 7183142163363516819}
  m_PrefabAsset: {fileID: 0}
--- !u!1001 &8690519108128570222
PrefabInstance:
  m_ObjectHideFlags: 0
  serializedVersion: 2
  m_Modification:
    m_TransformParent: {fileID: 2543748835766039398}
    m_Modifications:
    - target: {fileID: 1743353957770956, guid: 539fa9bc6500e44708e0f7b2c78cbefe, type: 3}
      propertyPath: m_Name
      value: PF Conifer Bare BOTD (2)
      objectReference: {fileID: 0}
    - target: {fileID: 4534264641828652, guid: 539fa9bc6500e44708e0f7b2c78cbefe, type: 3}
      propertyPath: m_LocalPosition.x
      value: 43.548153
      objectReference: {fileID: 0}
    - target: {fileID: 4534264641828652, guid: 539fa9bc6500e44708e0f7b2c78cbefe, type: 3}
      propertyPath: m_LocalPosition.y
      value: -2.7528582
      objectReference: {fileID: 0}
    - target: {fileID: 4534264641828652, guid: 539fa9bc6500e44708e0f7b2c78cbefe, type: 3}
      propertyPath: m_LocalPosition.z
      value: -19.494837
      objectReference: {fileID: 0}
    - target: {fileID: 4534264641828652, guid: 539fa9bc6500e44708e0f7b2c78cbefe, type: 3}
      propertyPath: m_LocalRotation.x
      value: -0
      objectReference: {fileID: 0}
    - target: {fileID: 4534264641828652, guid: 539fa9bc6500e44708e0f7b2c78cbefe, type: 3}
      propertyPath: m_LocalRotation.y
      value: -0
      objectReference: {fileID: 0}
    - target: {fileID: 4534264641828652, guid: 539fa9bc6500e44708e0f7b2c78cbefe, type: 3}
      propertyPath: m_LocalRotation.z
      value: -0
      objectReference: {fileID: 0}
    - target: {fileID: 4534264641828652, guid: 539fa9bc6500e44708e0f7b2c78cbefe, type: 3}
      propertyPath: m_LocalRotation.w
      value: 1
      objectReference: {fileID: 0}
    - target: {fileID: 4534264641828652, guid: 539fa9bc6500e44708e0f7b2c78cbefe, type: 3}
      propertyPath: m_RootOrder
      value: 2
      objectReference: {fileID: 0}
    - target: {fileID: 4534264641828652, guid: 539fa9bc6500e44708e0f7b2c78cbefe, type: 3}
      propertyPath: m_LocalEulerAnglesHint.x
      value: 0
      objectReference: {fileID: 0}
    - target: {fileID: 4534264641828652, guid: 539fa9bc6500e44708e0f7b2c78cbefe, type: 3}
      propertyPath: m_LocalEulerAnglesHint.y
      value: 0
      objectReference: {fileID: 0}
    - target: {fileID: 4534264641828652, guid: 539fa9bc6500e44708e0f7b2c78cbefe, type: 3}
      propertyPath: m_LocalEulerAnglesHint.z
      value: 0
      objectReference: {fileID: 0}
    m_RemovedComponents: []
  m_SourcePrefab: {fileID: 100100000, guid: 539fa9bc6500e44708e0f7b2c78cbefe, type: 3}
--- !u!4 &8686026369386433602 stripped
Transform:
  m_CorrespondingSourceObject: {fileID: 4534264641828652, guid: 539fa9bc6500e44708e0f7b2c78cbefe, type: 3}
  m_PrefabInstance: {fileID: 8690519108128570222}
  m_PrefabAsset: {fileID: 0}
--- !u!1001 &8943602452729151562
PrefabInstance:
  m_ObjectHideFlags: 0
  serializedVersion: 2
  m_Modification:
    m_TransformParent: {fileID: 8709218817440575421}
    m_Modifications:
    - target: {fileID: 100000, guid: 940d55d4117386f4f9398ea3ff52d4cd, type: 3}
      propertyPath: m_Name
      value: Rock2
      objectReference: {fileID: 0}
    - target: {fileID: 400000, guid: 940d55d4117386f4f9398ea3ff52d4cd, type: 3}
      propertyPath: m_LocalPosition.x
      value: 2.0109634
      objectReference: {fileID: 0}
    - target: {fileID: 400000, guid: 940d55d4117386f4f9398ea3ff52d4cd, type: 3}
      propertyPath: m_LocalPosition.y
      value: 4.6279445
      objectReference: {fileID: 0}
    - target: {fileID: 400000, guid: 940d55d4117386f4f9398ea3ff52d4cd, type: 3}
      propertyPath: m_LocalPosition.z
      value: 39.8562
      objectReference: {fileID: 0}
    - target: {fileID: 400000, guid: 940d55d4117386f4f9398ea3ff52d4cd, type: 3}
      propertyPath: m_LocalRotation.x
      value: -0.0045903544
      objectReference: {fileID: 0}
    - target: {fileID: 400000, guid: 940d55d4117386f4f9398ea3ff52d4cd, type: 3}
      propertyPath: m_LocalRotation.y
      value: -0.15406302
      objectReference: {fileID: 0}
    - target: {fileID: 400000, guid: 940d55d4117386f4f9398ea3ff52d4cd, type: 3}
      propertyPath: m_LocalRotation.z
      value: 0.014389807
      objectReference: {fileID: 0}
    - target: {fileID: 400000, guid: 940d55d4117386f4f9398ea3ff52d4cd, type: 3}
      propertyPath: m_LocalRotation.w
      value: -0.9879456
      objectReference: {fileID: 0}
    - target: {fileID: 400000, guid: 940d55d4117386f4f9398ea3ff52d4cd, type: 3}
      propertyPath: m_RootOrder
      value: 8
      objectReference: {fileID: 0}
    - target: {fileID: 400000, guid: 940d55d4117386f4f9398ea3ff52d4cd, type: 3}
      propertyPath: m_LocalEulerAnglesHint.x
      value: 0
      objectReference: {fileID: 0}
    - target: {fileID: 400000, guid: 940d55d4117386f4f9398ea3ff52d4cd, type: 3}
      propertyPath: m_LocalEulerAnglesHint.y
      value: 0
      objectReference: {fileID: 0}
    - target: {fileID: 400000, guid: 940d55d4117386f4f9398ea3ff52d4cd, type: 3}
      propertyPath: m_LocalEulerAnglesHint.z
      value: 0
      objectReference: {fileID: 0}
    - target: {fileID: 400000, guid: 940d55d4117386f4f9398ea3ff52d4cd, type: 3}
      propertyPath: m_LocalScale.y
      value: 1.454493
      objectReference: {fileID: 0}
    m_RemovedComponents: []
  m_SourcePrefab: {fileID: 100100000, guid: 940d55d4117386f4f9398ea3ff52d4cd, type: 3}
--- !u!4 &8943602452729289418 stripped
Transform:
  m_CorrespondingSourceObject: {fileID: 400000, guid: 940d55d4117386f4f9398ea3ff52d4cd, type: 3}
  m_PrefabInstance: {fileID: 8943602452729151562}
  m_PrefabAsset: {fileID: 0}
